@article {Cherlin:1986,
    AUTHOR = {Cherlin, G. and Lachlan, A. H.},
     TITLE = {Stable finitely homogeneous structures},
   JOURNAL = {Trans. Amer. Math. Soc.},
  FJOURNAL = {Transactions of the American Mathematical Society},
    VOLUME = {296},
      YEAR = {1986},
    NUMBER = {2},
     PAGES = {815--850},
      ISSN = {0002-9947},
     CODEN = {TAMTAM},
   MRCLASS = {03C10 (03C45 20B99)},
  MRNUMBER = {846608 (88f:03023)},
       DOI = {10.2307/2000390},
}

@article {Cherlin:2000,
	AUTHOR = {Cherlin, Gregory and Felgner, Ulrich},
	TITLE = {Homogeneous finite groups},
	JOURNAL = {J. London Math. Soc. (2)},
	FJOURNAL = {Journal of the London Mathematical Society. Second Series},
	VOLUME = {62},
	YEAR = {2000},
	NUMBER = {3},
	PAGES = {784--794},
	ISSN = {0024-6107},
	CODEN = {JLMSAK},
	MRCLASS = {20D45 (03C60)},
	MRNUMBER = {1794284 (2001i:20048)},
	MRREVIEWER = {Ulrich Dempwolff},
	DOI = {10.1112/S0024610700001484},
}

@article {Dawar:2010,
	AUTHOR = {Dawar, Anuj and Gr{\"a}del, Erich},
	TITLE = {Properties of almost all graphs and generalized quantifiers},
	JOURNAL = {Fund. Inform.},
	FJOURNAL = {Fundamenta Informaticae},
	VOLUME = {98},
	YEAR = {2010},
	NUMBER = {4},
	PAGES = {351--372},
	ISSN = {0169-2968},
	CODEN = {FUINE},
	MRCLASS = {03C13 (03C80 05C45 68Q19)},
	MRNUMBER = {2650091 (2012a:03094)},
	MRREVIEWER = {Manfred Jaeger},
}

@incollection {Ebbinghaus:1985,
	AUTHOR = {Ebbinghaus, H.-D.},
	TITLE = {Extended logics: the general framework},
	BOOKTITLE = {Model-theoretic logics},
	SERIES = {Perspect. Math. Logic},
	PAGES = {25--76},
	PUBLISHER = {Springer, New York},
	YEAR = {1985},
	MRCLASS = {03C95},
	MRNUMBER = {819533},
}

@article {Fagin:1976,
	AUTHOR = {Fagin, Ronald},
	TITLE = {Probabilities on finite models},
	JOURNAL = {J. Symbolic Logic},
	FJOURNAL = {The Journal of Symbolic Logic},
	VOLUME = {41},
	YEAR = {1976},
	NUMBER = {1},
	PAGES = {50--58},
	ISSN = {0022-4812},
	MRCLASS = {02H05 (60A99)},
	MRNUMBER = {0476480 (57 \#16042)},
	MRREVIEWER = {Haim Gaifman},
}

@article {Friedman:1973,
	AUTHOR = {Friedman, Harvey},
	TITLE = {Beth's theorem in cardinality logics},
	JOURNAL = {Israel J. Math.},
	FJOURNAL = {Israel Journal of Mathematics},
	VOLUME = {14},
	YEAR = {1973},
	PAGES = {205--212},
	ISSN = {0021-2172},
	MRCLASS = {02H05 (02B20)},
	MRNUMBER = {0317923 (47 \#6472)},
	MRREVIEWER = {John T. Baldwin},
}

@article {Gardiner:1976,
	AUTHOR = {Gardiner, A.},
	TITLE = {Homogeneous graphs},
	JOURNAL = {J. Combinatorial Theory Ser. B},
	FJOURNAL = {Journal of Combinatorial Theory. Series B},
	VOLUME = {20},
	YEAR = {1976},
	NUMBER = {1},
	PAGES = {94--102},
	MRCLASS = {05C99},
	MRNUMBER = {0419293 (54 \#7316)},
	MRREVIEWER = {J. Sheehan},
}

@preamble{
	"\def\cprime{$'$} "
}
@article{Glebskii:1969,
	AUTHOR = {Glebskii, Y. V. and Kogan, D. I. and Liogon{\cprime}kii, M. I. and Talanov, V. A.},
	TITLE = {Range and degree of realizability of formulas in the restricted predicate calculus},
	JOURNAL = {Cybernetics},
	VOLUME = {5},
	YEAR = {1969},
	PAGES = {142-154}
}

@article {Gregory:1974,
	AUTHOR = {Gregory, John},
	TITLE = {Beth definability in infinitary languages},
	JOURNAL = {J. Symbolic Logic},
	FJOURNAL = {The Journal of Symbolic Logic},
	VOLUME = {39},
	YEAR = {1974},
	PAGES = {22--26},
	ISSN = {0022-4812},
	MRCLASS = {02B25 (02H05)},
	MRNUMBER = {0354307 (50 \#6787)},
	MRREVIEWER = {M. E. Nadel},
}



@article {Hella:1989,
	AUTHOR = {Hella, Lauri},
	TITLE = {Definability hierarchies of generalized quantifiers},
	JOURNAL = {Ann. Pure Appl. Logic},
	FJOURNAL = {Annals of Pure and Applied Logic},
	VOLUME = {43},
	YEAR = {1989},
	NUMBER = {3},
	PAGES = {235--271},
	ISSN = {0168-0072},
	CODEN = {APALD7},
	MRCLASS = {03C80 (03C95)},
	MRNUMBER = {1007866 (91h:03047)},
	MRREVIEWER = {Micha{\l} Krynicki},
	DOI = {10.1016/0168-0072(89)90070-5},
}

@article {Keisler:2011,
	AUTHOR = {Keisler, H. Jerome and Lotfallah, Wafik Boulos},
	TITLE = {Rank hierarchies for generalized quantifiers},
	JOURNAL = {J. Logic Comput.},
	FJOURNAL = {Journal of Logic and Computation},
	VOLUME = {21},
	YEAR = {2011},
	NUMBER = {2},
	PAGES = {287--306},
	ISSN = {0955-792X},
	MRCLASS = {03C13 (68Q19)},
	MRNUMBER = {2783415 (2012i:03107)},
	MRREVIEWER = {Jerzy Tyszkiewicz},
	DOI = {10.1093/logcom/exq019},
}

@article {Lachlan:1984,
	AUTHOR = {Lachlan, A. H.},
	TITLE = {On countable stable structures which are homogeneous for a finite relational language},
	JOURNAL = {Israel J. Math.},
	FJOURNAL = {Israel Journal of Mathematics},
	VOLUME = {49},
	YEAR = {1984},
	NUMBER = {1-3},
	PAGES = {69--153},
	ISSN = {0021-2172},
	CODEN = {ISJMAP},
	MRCLASS = {03C45 (03C15)},
	MRNUMBER = {788266 (87h:03047a)},
	MRREVIEWER = {B. I. Zil{\cprime}ber},
	DOI = {10.1007/BF02760647},
}

@inproceedings {Lachlan:1986,
	AUTHOR = {Lachlan, A. H.},
	TITLE = {Homogeneous structures},
	BOOKTITLE = {Proceedings of the {I}nternational {C}ongress of
	{M}athematicians, {V}ol. 1, 2 ({B}erkeley, {C}alif., 1986)},
	PAGES = {314--321},
	PUBLISHER = {Amer. Math. Soc., Providence, RI},
	YEAR = {1987},
	MRCLASS = {03C50},
	MRNUMBER = {934229 (89d:03030)},
	MRREVIEWER = {Milan Grulovi{\'c}},
}

@article {Lindstrom:1966,
	AUTHOR = {Lindstr{\"o}m, Per},
	TITLE = {First order predicate logic with generalized quantifiers},
	JOURNAL = {Theoria},
	FJOURNAL = {Theoria. A Swedish Journal of Philosophy},
	VOLUME = {32},
	YEAR = {1966},
	PAGES = {186--195},
	ISSN = {0040-5825},
	MRCLASS = {02.38},
	MRNUMBER = {0244012 (39 \#5329)},
	MRREVIEWER = {M. Makkai},
}

@article {Makowski:1979,
	AUTHOR = {Makowsky, J. A. and Shelah, S.},
	TITLE = {The theorems of {B}eth and {C}raig in abstract model theory.
	{I}. {T}he abstract setting},
	JOURNAL = {Trans. Amer. Math. Soc.},
	FJOURNAL = {Transactions of the American Mathematical Society},
	VOLUME = {256},
	YEAR = {1979},
	PAGES = {215--239},
	ISSN = {0002-9947},
	CODEN = {TAMTAM},
	MRCLASS = {03C80 (03C95)},
	MRNUMBER = {546916 (81b:03041)},
	MRREVIEWER = {W. Hodges},
	DOI = {10.2307/1998109},
}

@article {Mostowski:1957,
	AUTHOR = {Mostowski, A.},
	TITLE = {On a generalization of quantifiers},
	JOURNAL = {Fund. Math.},
	FJOURNAL = {Polska Akademia Nauk. Fundamenta Mathematicae},
	VOLUME = {44},
	YEAR = {1957},
	PAGES = {12--36},
	ISSN = {0016-2736},
	MRCLASS = {02.0X},
	MRNUMBER = {0089816 (19,724f)},
	MRREVIEWER = {G. Kreisel},
}

@article {Saracino:1988,
	AUTHOR = {Saracino, Dan and Wood, Carol},
	TITLE = {Homogeneous finite rings in characteristic {$2^n$}},
	JOURNAL = {Ann. Pure Appl. Logic},
	FJOURNAL = {Annals of Pure and Applied Logic},
	VOLUME = {40},
	YEAR = {1988},
	NUMBER = {1},
	PAGES = {11--28},
	ISSN = {0168-0072},
	CODEN = {APALD7},
	MRCLASS = {03C60 (16A48)},
	MRNUMBER = {965587 (89i:03070)},
	MRREVIEWER = {G. Cherlin},
	DOI = {10.1016/0168-0072(88)90039-5},
}